@inproceedings{sup,
Author={Sup, F. and others},
Title={Design and Control of an Active Electrical Knee and Ankle
Prosthesis},
Booktitle={Proc. IEEE. RAS EMBS Int. Conf. Biomed. Robot. Biomechatron.},
Pages={523-528},
Year={2008}}

@techreport{
CMAPSS-TM,
     Author={Frederick, D.K. and De{C}astro, J.A. and Litt, J.S.},
     Title={User's {G}uide for the {C}ommercial {M}odular {A}ero-{P}ropulsion {S}ystem {S}imulation ({CMAPSS})},
     Institution={NASA TM-2007-215026, Glenn Research Center, Cleveland, Ohio},
     Year={2007}}
     @book{rosheim1994robot,
  title={Robot evolution: the development of anthrobotics},
  author={Rosheim, Mark E},
  year={1994},
  publisher={John Wiley \& Sons}
}
@book{paul1981robot,
  title={Robot manipulators: mathematics, programming, and control: the computer control of robot manipulators},
  author={Paul, Richard P},
  year={1981},
  publisher={Richard Paul}
}
@book{fu1987robotics,
  title={Robotics: Control Sensing. Vis.},
  author={Fu, King Sun and Gonzalez, Ralph and Lee, CS George},
  year={1987},
  publisher={Tata McGraw-Hill Education}
}

@article{
bempoTAC02,
   Author = {Bemporad, A. and Borrelli, F. and Morari, M.},
   Title = {Model Predictive Control Based on Linear Programming - The Explicit Solution},
   Journal = {IEEE Transactions on Automatic Control},
   Volume = {47},
   Number = {12},
   Pages = {1974-1985},
   Year = {2002}}
   

@article{
bempoaut02,
        Author={Bemporad, A. and others},
        Title={The Explicit Quadratic Regulator for Constrained Systems},
        Journal={Automatica},
        Volume={38},
        Number={1},
        Pages={3-20},
        Year={2002}}

@article{
AIAA-MPC,
        Author={Richter, H. and Singaraju, A.V. and Litt, J.S.},
        Title={Multiplexed Predictive Control of a Large Commercial Turbofan Engine},
        Journal={AIAA Journal of Guidance, Dynamics and Control},
        Volume={31},
        Number={2},
        Pages={273-281},
        Year={2008}}

@book{
astromPIDbook,
    Author={\AA{}strom, K.J. and H\"{a}gglund, T.},
    Title={PID Controllers: Theory, Design and Tuning},
    year={1995},
    Publisher={Instrument Society of America}}
    @book{hestenes2012clifford,
  title={Clifford algebra to geometric calculus: a unified language for mathematics and physics},
  author={Hestenes, David and Sobczyk, Garret},
  volume={5},
  year={2012},
  publisher={Springer Science \& Business Media}
}

@incollection{
johanbook,
    Author={Johansson, M.},
    Title={Piecewise Linear Control Systems},
    Booktitle={Lecture Notes in Control and Information Sciences},
    year={2003},
    Volume = {284},
    Publisher={Springer}}
@article{baker2000introduction,
  title={An introduction to matrix groups and their applications},
  author={Baker, Andrew},
  journal={University of Glagslow, Glagslow, Scotland},
  year={2000}
}
@article{lundholm2006geometric,
  title={Geometric (Clifford) algebra and its applications},
  author={Lundholm, Douglas},
  journal={arXiv preprint math/0605280},
  year={2006}
}