@book{baker2012matrix,
  title={Matrix groups: An introduction to Lie group theory},
  author={Baker, Andrew},
  year={2012},
  publisher={Springer Science \& Business Media}
}
@article{lundholm2009clifford,
  title={Clifford algebra, geometric algebra, and applications},
  author={Lundholm, Douglas and Svensson, Lars},
  journal={arXiv preprint arXiv:0907.5356},
  year={2009}
}
@article{lehar2014visual,
  title={A visual introduction},
  author={Lehar, S and Algebra, Clifford},
  journal={A topnotch WordPress. com site},
  year={2014}
}
@book{vince2009geometric,
  title={Geometric Algebra},
  author={Vince, John},
  year={2009},
  publisher={Springer}
}
@book{paul1981robot,
  title={Robot manipulators: mathematics, programming, and control: the computer control of robot manipulators},
  author={Paul, Richard P},
  year={1981},
  publisher={Richard Paul}
}
@book{fu1987robotics,
  title={Robotics: Control Sensing. Vis.},
  author={Fu, King Sun and Gonzalez, Ralph and Lee, CS George},
  year={1987},
  publisher={Tata McGraw-Hill Education}
}
@book{rosheim1994robot,
  title={Robot evolution: the development of anthrobotics},
  author={Rosheim, Mark E},
  year={1994},
  publisher={John Wiley \& Sons}
}
@book{hestenes2012clifford,
  title={Clifford algebra to geometric calculus: a unified language for mathematics and physics},
  author={Hestenes, David and Sobczyk, Garret},
  volume={5},
  year={2012},
  publisher={Springer Science \& Business Media}
}

@article{baker2000introduction,
  title={An introduction to matrix groups and their applications},
  author={Baker, Andrew},
  journal={University of Glagslow, Glagslow, Scotland},
  year={2000}
}

@article{lundholm2006geometric,
  title={Geometric (Clifford) algebra and its applications},
  author={Lundholm, Douglas},
  journal={arXiv preprint math/0605280},
  year={2006}
}